@article{Lanckriet:2004:LKM:1005332.1005334,
 author = {Lanckriet, Gert R. G. and Cristianini, Nello and Bartlett, Peter and Ghaoui, Laurent El and Jordan, Michael I.},
 title = {Learning the Kernel Matrix with Semidefinite Programming},
 journal = {J. Mach. Learn. Res.},
 issue_date = {12/1/2004},
 volume = {5},
 month = dec,
 year = {2004},
 issn = {1532-4435},
 pages = {27--72},
 numpages = {46},
 url = {http://dl.acm.org/citation.cfm?id=1005332.1005334},
 acmid = {1005334},
 publisher = {JMLR.org},
} 

@ARTICLE{1163055, 
author={Sakoe, H. and Chiba, S.}, 
journal={Acoustics, Speech and Signal Processing, IEEE Transactions on}, 
title={Dynamic programming algorithm optimization for spoken word recognition}, 
year={1978}, 
month={Feb}, 
volume={26}, 
number={1}, 
pages={43-49}, 
keywords={Acoustics;Constraint optimization;Dynamic programming;Feature extraction;Fluctuations;Heuristic algorithms;Pattern matching;Signal processing algorithms;Speech processing;Timing}, 
doi={10.1109/TASSP.1978.1163055}, 
ISSN={0096-3518},}

@article{Rakthanmanon:2013:ABD:2513092.2500489,
 author = {Rakthanmanon, Thanawin and Campana, Bilson and Mueen, Abdullah and Batista, Gustavo and Westover, Brandon and Zhu, Qiang and Zakaria, Jesin and Keogh, Eamonn},
 title = {Addressing Big Data Time Series: Mining Trillions of Time Series Subsequences Under Dynamic Time Warping},
 journal = {ACM Trans. Knowl. Discov. Data},
 issue_date = {September 2013},
 volume = {7},
 number = {3},
 month = sep,
 year = {2013},
 issn = {1556-4681},
 pages = {10:1--10:31},
 articleno = {10},
 numpages = {31},
 url = {http://doi.acm.org/10.1145/2500489},
 doi = {10.1145/2500489},
 acmid = {2500489},
 publisher = {ACM},
 address = {New York, NY, USA},
 keywords = {Time series, lower bounds, similarity search},
} 

@inproceedings{conf/kdd/BerndtC94,
  added-at = {2012-12-12T00:00:00.000+0100},
  author = {Berndt, Donald J. and Clifford, James},
  biburl = {http://www.bibsonomy.org/bibtex/20d5cbbd90de8ac4781b681a8ba06517b/dblp},
  booktitle = {KDD Workshop},
  crossref = {conf/kdd/1994},
  editor = {Fayyad, Usama M. and Uthurusamy, Ramasamy},
  interhash = {5bfba6fda85ceca664d75c8e75dd7527},
  intrahash = {0d5cbbd90de8ac4781b681a8ba06517b},
  isbn = {0-929280-73-3},
  keywords = {dblp},
  pages = {359-370},
  publisher = {AAAI Press},
  timestamp = {2012-12-12T00:00:00.000+0100},
  title = {Using Dynamic Time Warping to Find Patterns in Time Series.},
  url = {http://dblp.uni-trier.de/db/conf/kdd/kdd94.html#BerndtC94},
  year = 1994
}


@article{Ding:2008:QMT:1454159.1454226,
 author = {Ding, Hui and Trajcevski, Goce and Scheuermann, Peter and Wang, Xiaoyue and Keogh, Eamonn},
 title = {Querying and Mining of Time Series Data: Experimental Comparison of Representations and Distance Measures},
 journal = {Proc. VLDB Endow.},
 issue_date = {August 2008},
 volume = {1},
 number = {2},
 month = aug,
 year = {2008},
 issn = {2150-8097},
 pages = {1542--1552},
 numpages = {11},
 url = {http://dx.doi.org/10.14778/1454159.1454226},
 doi = {10.14778/1454159.1454226},
 acmid = {1454226},
 publisher = {VLDB Endowment},
} 


@article{Banerjee:2005:CBD:1046920.1194902,
 author = {Banerjee, Arindam and Merugu, Srujana and Dhillon, Inderjit S. and Ghosh, Joydeep},
 title = {Clustering with Bregman Divergences},
 journal = {J. Mach. Learn. Res.},
 issue_date = {12/1/2005},
 volume = {6},
 month = dec,
 year = {2005},
 issn = {1532-4435},
 pages = {1705--1749},
 numpages = {45},
 url = {http://dl.acm.org/citation.cfm?id=1046920.1194902},
 acmid = {1194902},
 publisher = {JMLR.org},
} 

@article{Dhillon:2007:WGC:1313055.1313291,
 author = {Dhillon, Inderjit S. and Guan, Yuqiang and Kulis, Brian},
 title = {Weighted Graph Cuts Without Eigenvectors A Multilevel Approach},
 journal = {IEEE Trans. Pattern Anal. Mach. Intell.},
 issue_date = {November 2007},
 volume = {29},
 number = {11},
 month = nov,
 year = {2007},
 issn = {0162-8828},
 pages = {1944--1957},
 numpages = {14},
 url = {http://dx.doi.org/10.1109/TPAMI.2007.1115},
 doi = {10.1109/TPAMI.2007.1115},
 acmid = {1313291},
 publisher = {IEEE Computer Society},
 address = {Washington, DC, USA},
 keywords = {Clustering, Clustering, Data Mining, Segmentation, Kernel, k-means, k-means, Spectral Clustering, Graph Partitioning, Data Mining, Graph Partitioning, Kernel, Segmentation, Spectral Clustering, k-means},
} 

@article{Girolami:2002:MKC:2325785.2326903,
 author = {Girolami, M.},
 title = {Mercer Kernel-based Clustering in Feature Space},
 journal = {Trans. Neur. Netw.},
 issue_date = {May 2002},
 volume = {13},
 number = {3},
 month = may,
 year = {2002},
 issn = {1045-9227},
 pages = {780--784},
 numpages = {5},
 url = {http://dx.doi.org/10.1109/TNN.2002.1000150},
 doi = {10.1109/TNN.2002.1000150},
 acmid = {2326903},
 publisher = {IEEE Press},
 address = {Piscataway, NJ, USA},
} 

@article{Roth:2003:OCP:960254.960291,
 author = {Roth, Volker and Laub, Julian and Kawanabe, Motoaki and Buhmann, Joachim M.},
 title = {Optimal Cluster Preserving Embedding of Nonmetric Proximity Data},
 journal = {IEEE Trans. Pattern Anal. Mach. Intell.},
 issue_date = {December 2003},
 volume = {25},
 number = {12},
 month = dec,
 year = {2003},
 issn = {0162-8828},
 pages = {1540--1551},
 numpages = {12},
 url = {http://dx.doi.org/10.1109/TPAMI.2003.1251147},
 doi = {10.1109/TPAMI.2003.1251147},
 acmid = {960291},
 publisher = {IEEE Computer Society},
 address = {Washington, DC, USA},
 keywords = {Clustering, pairwise proximity data, cost function, embedding, MDS.},
} 

@conference{macQueenBsmsp67,
author = {MacQueen, J B},
booktitle = {Proc. of Berkeley Symposium on Mathematical Statistics and Probability},
file = {:home/lagrange/Documents/bibliography/files/MacQueen/MacQueen\_1967\_Proc. of Berkeley Symposium on Mathematical Statistics and Probability\_Some Methods for classification and Analysis of Mul.pdf:pdf},
mendeley-groups = {kAverages},
title = {{Some Methods for classification and Analysis of Multivariate Observations}},
year = {1967}
}

@article{Ding:2008:QMT:1454159.1454226,
 author = {Ding, Hui and Trajcevski, Goce and Scheuermann, Peter and Wang, Xiaoyue and Keogh, Eamonn},
 title = {Querying and Mining of Time Series Data: Experimental Comparison of Representations and Distance Measures},
 journal = {Proc. VLDB Endow.},
 issue_date = {August 2008},
 volume = {1},
 number = {2},
 month = aug,
 year = {2008},
 issn = {2150-8097},
 pages = {1542--1552},
 numpages = {11},
 url = {http://dx.doi.org/10.14778/1454159.1454226},
 doi = {10.14778/1454159.1454226},
 acmid = {1454226},
 publisher = {VLDB Endowment},
} 

@inproceedings{Chitta:2011:AKK:2020408.2020558,
 author = {Chitta, Radha and Jin, Rong and Havens, Timothy C. and Jain, Anil K.},
 title = {Approximate Kernel K-means: Solution to Large Scale Kernel Clustering},
 booktitle = {Proceedings of the 17th ACM SIGKDD International Conference on Knowledge Discovery and Data Mining},
 series = {KDD '11},
 year = {2011},
 isbn = {978-1-4503-0813-7},
 location = {San Diego, California, USA},
 pages = {895--903},
 numpages = {9},
 url = {http://doi.acm.org/10.1145/2020408.2020558},
 doi = {10.1145/2020408.2020558},
 acmid = {2020558},
 publisher = {ACM},
 address = {New York, NY, USA},
 keywords = {k-means, kernel clustering, large-scale clustering},
} 




